% Bibtex for Random Forest Rule Extraction

 @book{strang2006linear, 
 place={New York, NY}, 
 edition={4th}, 
 title={Linear algebra and its applications}, 
 publisher={Acad. Press}, 
 author={Strang, Gilbert}, 
 year={2006}
 } 
 
 @article{breiman2001random,
  title={Random forests},
  author={Breiman, Leo},
  journal={Machine learning},
  volume={45},
  number={1},
  pages={5--32},
  year={2001},
  publisher={Springer}
}

@article{boruah2022transparent,
  title={Transparent rule generator random forest (TRG-RF): an interpretable random forest},
  author={Boruah, Arpita Nath and Biswas, Saroj Kumar and Bandyopadhyay, Sivaji},
  journal={Evolving Systems},
  pages={1--15},
  year={2022},
  publisher={Springer}
}

@article{andrews1995survey,
  title={Survey and critique of techniques for extracting rules from trained artificial neural networks},
  author={Andrews, Robert and Diederich, Joachim and Tickle, Alan B},
  journal={Knowledge-based systems},
  volume={8},
  number={6},
  pages={373--389},
  year={1995},
  publisher={Elsevier}
}

@article{de2015active,
  title={Active learning-based pedagogical rule extraction},
  author={De Fortuny, Enric Junque and Martens, David},
  journal={IEEE Transactions on Neural Networks and Learning Systems},
  volume={26},
  number={11},
  pages={2664--2677},
  year={2015},
  publisher={IEEE}
}

@article{arzamasov2021pedagogical,
  title={Pedagogical rule extraction for learning interpretable models},
  author={Arzamasov, Vadim and Jochum, Benjamin and B{\"o}hm, Klemens},
  journal={arXiv e-prints},
  pages={arXiv--2112},
  year={2021}
}

@article{fu1994rule,
  title={Rule generation from neural networks},
  author={Fu, LiMin},
  journal={IEEE Transactions on Systems, Man, and Cybernetics},
  volume={24},
  number={8},
  pages={1114--1124},
  year={1994},
  publisher={IEEE}
}

@inproceedings{andrews1994rule,
  title={Rule extraction from a constrained error back propagation MLP},
  author={Andrews, Robert and Geva, Shlomo},
  booktitle={Australian Conference on Neural Networks, Brisbane, Queensland},
  pages={9--12},
  year={1994}
}

@article{espinosa2021efficient,
  title={Efficient decompositional rule extraction for deep neural networks},
  author={Espinosa Zarlenga, Mateo and Shams, Zohreh and Jamnik, Mateja},
  journal={arXiv e-prints},
  pages={arXiv--2111},
  year={2021}
}

@article{hruschka2006extracting,
  title={Extracting rules from multilayer perceptrons in classification problems: A clustering-based approach},
  author={Hruschka, Eduardo R and Ebecken, Nelson FF},
  journal={Neurocomputing},
  volume={70},
  number={1-3},
  pages={384--397},
  year={2006},
  publisher={Elsevier}
}

@inproceedings{benard2021interpretable,
  title={Interpretable random forests via rule extraction},
  author={B{\'e}nard, Cl{\'e}ment and Biau, G{\'e}rard and Da Veiga, S{\'e}bastien and Scornet, Erwan},
  booktitle={International Conference on Artificial Intelligence and Statistics},
  pages={937--945},
  year={2021},
  organization={PMLR}
}

@inproceedings{vidal2020born,
  title={Born-again tree ensembles},
  author={Vidal, Thibaut and Schiffer, Maximilian},
  booktitle={International Conference on Machine Learning},
  pages={9743--9753},
  year={2020},
  organization={PMLR}
}

@inproceedings{mashayekhi2015rule,
  title={Rule extraction from random forest: the RF+ HC methods},
  author={Mashayekhi, Morteza and Gras, Robin},
  booktitle={Canadian Conference on Artificial Intelligence},
  pages={223--237},
  year={2015},
  organization={Springer}
}

@article{pearson1901liii,
  title={LIII. On lines and planes of closest fit to systems of points in space},
  author={Pearson, Karl},
  journal={The London, Edinburgh, and Dublin philosophical magazine and journal of science},
  volume={2},
  number={11},
  pages={559--572},
  year={1901},
  publisher={Taylor \& Francis}
}

@article{blaser2016random,
  title={Random rotation ensembles},
  author={Blaser, Rico and Fryzlewicz, Piotr},
  journal={The Journal of Machine Learning Research},
  volume={17},
  number={1},
  pages={126--151},
  year={2016}
}

@inproceedings{scholkopf1997kernel,
  title={Kernel principal component analysis},
  author={Sch{\"o}lkopf, Bernhard and Smola, Alexander and M{\"u}ller, Klaus-Robert},
  booktitle={International Conference on Artificial Neural Networks},
  pages={583--588},
  year={1997},
  organization={Springer}
}

@book{griffiths2018introduction,
  title={Introduction to quantum mechanics},
  author={Griffiths, David J and Schroeter, Darrell F},
  year={2018},
  publisher={Cambridge university press}
}