@article{Noether_1971,
	doi = {10.1080/00411457108231446},
  
	url = {https://doi.org/10.1080%2F00411457108231446},
  
	year = 1971,
	month = {jan},
  
	publisher = {Informa {UK} Limited},
  
	volume = {1},
  
	number = {3},
  
	pages = {186--207},
  
	author = {Emmy Noether},
  
	title = {Invariant variation problems},
  
	journal = {Transport Theory and Statistical Physics}
}

@article{carroll2005spacetime,
  title={Spacetime and geometry: An introduction to general relativity},
  author={Carroll, Sean M and Traschen, Jennie},
  journal={Physics Today},
  volume={58},
  number={1},
  pages={52},
  year={2005}
}
  @misc{wiki,
    author = "{Wikipedia contributors}",
    title = "Killing vector field --- {Wikipedia}{,} The Free Encyclopedia",
    year = "2022",
    url = "https://en.wikipedia.org/w/index.php?title=Killing_vector_field&oldid=1086549403",
    note = "[Online; accessed 9-May-2022]"
  }
  
   @book{alder, place={New York, NY}, title={Introduction to general relativity}, publisher={McGraw-Hill}, author={Adler, Ronald and Bazin, Maurice and Schiffer, Menahem}, year={1975}
   } 
   
@book{woodhouse, place={London}, title={General relativity}, publisher={Springer}, author={J., Woodhouse N M}, year={2007}
} 

 @book{griffiths_qm, place={Cambridge}, title={Introduction to quantum mechanics}, publisher={Cambridge University Press}, author={Griffiths, David Jeffery and Schroeter, Darrell F.}, year={2018}
 } 
 
  @book{griffiths_part, title={Introduction to elementary particles}, publisher={Wiley-VCH}, author={Griffiths, David J.}, year={2020}
  } 