% Bibtex for paper 11 summary

@article{azais2020weight,
  title={The weight function in the subtree kernel is decisive},
  author={Aza{\"\i}s, Romain and Ingels, Florian},
  journal={Journal of Machine Learning Research},
  volume={21},
  pages={1--36},
  year={2020}
}

@article{vishwanathan2004fast,
  title={Fast kernels for string and tree matching},
  author={Vishwanathan, SVN and Smola, Alexander Johannes and others},
  journal={Kernel methods in computational biology},
  volume={15},
  pages={113--130},
  year={2004},
  publisher={MIT Press Cambridge, MA}
}

@article{balcan2008theory,
  title={A theory of learning with similarity functions},
  author={Balcan, Maria-Florina and Blum, Avrim and Srebro, Nathan},
  journal={Machine Learning},
  volume={72},
  number={1},
  pages={89--112},
  year={2008},
  publisher={Springer}
}

@article{da2009kernel,
  title={Kernel methods for tree structured data},
  author={Da San Martino, Giovanni},
  year={2009},
  publisher={alma}
}

@inproceedings{aiolli2006fast,
  title={Fast on-line kernel learning for trees},
  author={Aiolli, Fabio and Da San Martino, Giovanni and Sperduti, Alessandro and Moschitti, Alessandro},
  booktitle={Sixth International Conference on Data Mining (ICDM'06)},
  pages={787--791},
  year={2006},
  organization={IEEE}
}

@article{sutherland1964sketchpad,
  title={Sketchpad a man-machine graphical communication system},
  author={Sutherland, Ivan E},
  journal={Simulation},
  volume={2},
  number={5},
  pages={R--3},
  year={1964},
  publisher={Sage Publications Sage CA: Thousand Oaks, CA}
}
